04100000         22858391700018527606               00607000006086042060POSTO ROTA 101 DERIVADOS DE PEBANRISUL                                22403202509583700000704000000CONSIST                                                              
04100011C2030040 22858391700018527606               00607000006086042060POSTO ROTA 101 DERIVADOS DE PE                                        R. ROD BR 101 B. SANGA FUNDA  SN   KM 50          TERRA DE AREIA      95535000RSVA      BD        
0410001300001J00004194103000001287802106700448220670418114043MARSALA IND E COM DE PROD ALIM2403202500000000012878000000000000000000000000000000024032025000000000128780000000000000000     202014786000121228583917000185             BD        
04100015         000003000000000000128780000000000000000000                                                                                                                                                                           BD        
04100021C2031040 22858391700018527606               00607000006086042060POSTO ROTA 101 DERIVADOS DE PE                                        R. ROD BR 101 B. SANGA FUNDA  SN   KM 50          TERRA DE AREIA      95535000RSVA      BD        
0410002300001J00003395100200001210809461258200000035349100101DIPAM GAUCHA DISTRIB LTDA000002403202500000000012108000000000000000000000000000000024032025000000000121080000000000000000     291222133000168228583917000185             BD        
0410002300002J00023795102800000432243507020000728594500010760FILLER ALIMENTOS E BEBIDAS LTD2403202500000000004322400000000000000000000000000000024032025000000000043224000000000000000     200176513000310228583917000185             BD        
0410002300003J00034194103000001849461091641823812938002603000SPAL INDUSTRIA BRASILEIRA DE B2403202500000000018494600000000000000000000000000000024032025000000000184946000000000000000     261186888017673228583917000185             BD        
0410002300004J00000193102800000345000000001460447000029364517ITALIANY ALIMENTOS LTDA00000002403202500000000003450000000000000000000000000000000024032025000000000034500000000000000000     208987585000197228583917000185             BD        
0410002300005J00075696103000000847251306901791901800007329001BRINQUEDOS ALF LTDA000000000002403202500000000008472500000000000000000000000000000024032025000000000084725000000000000000     203971592000187228583917000185             BD        
0410002300006J00034195102800027063001090073056384518034444000RUFF CJ DISTRIBUIDORA DE PETRO2403202500000000270630000000000000000000000000000000024032025000000002706300000000000000000     200756149002300228583917000185             BD        
0410002300007J00034195102800026300001090205968620330595760000SUL COMB LTDA000000000000000002403202500000000263000000000000000000000000000000000024032025000000002630000000000000000000     206278750000378228583917000185             BD        
0410002300008J00034192102800013175001090205968700330595760000SUL COMB LTDA000000000000000002403202500000000131750000000000000000000000000000000024032025000000001317500000000000000000     206278750000378228583917000185             BD        
0410002300009J00000191103000001680000000003600547000000232617CARREGO ATACADISTA IMPRA DE AC2403202500000000016800000000000000000000000000000000024032025000000000168000000000000000000     250309044000176228583917000185             BD        
0410002300010J00000198102800001119000000002439545000005327917TOMAFEL IND DE EMBALAGENS PLAS2403202500000000011190000000000000000000000000000000024032025000000000111900000000000000000     207427039000139228583917000185             BD        
0410002300011J00034199103000000865201091044380626657022551000PESCADOS DO PORTO COM DE PEIXE2403202500000000008652000000000000000000000000000000024032025000000000086520000000000000000     208683268000187228583917000185             BD        
0410002300012J00000192103000000764780000001077273100185145917AGROSUL AGROAVICOLA INDL S.A.02403202500000000007647800000000000000000000000000000024032025000000000076478000000000000000     288369889000634228583917000185             BD        
0410002300013J00034197102800054000001090205969040330595760000SUL COMB LTDA000000000000000002403202500000000540000000000000000000000000000000000024032025000000005400000000000000000000     206278750000378228583917000185             BD        
0410002300014J00003391103000161970009183064300000028215320101RODOIL DISTRIB DE COMB S A00002403202500000001619700000000000000000000000000000000024032025000000016197000000000000000000     207520438000301228583917000185             BD        
0410002300015J00034191102900026300001090205981080330595760000SUL COMB LTDA000000000000000002403202500000000263000000000000000000000000000000000024032025000000002630000000000000000000     206278750000378228583917000185             BD        
0410002300016J00003393103000161220209942078925000635643380101RAIZEN COMB S A0000000000000002403202500000001612202000000000000000000000000000000024032025000000016122020000000000000000     233453598013705228583917000185             BD        
0410002300017J00000191102800001421600000002215115000010845417GABISUL IND E COM DE ALIMENTOS2403202500000000014216000000000000000000000000000000024032025000000000142160000000000000000     297127146000134228583917000185             BD        
0410002300018J00000196102900004607500000001069841000031252817MUNDIAL FOODS LTDA0000000000002403202500000000046075000000000000000000000000000000024032025000000000460750000000000000000     204045177000165228583917000185             BD        
0410002300019J00000192102900000741000000001069841000031255717MUNDIAL FOODS LTDA0000000000002403202500000000007410000000000000000000000000000000024032025000000000074100000000000000000     204045177000165228583917000185             BD        
0410002300020J00034191102800001186961090020076630207968439000SOC DE BEBIDAS PANIZZON LTDA002403202500000000011869600000000000000000000000000000024032025000000000118696000000000000000     289962773000162228583917000185             BD        
04100025         000022000000000048709899000000000000000000                                                                                                                                                                           BD        
04199999         000002000027000000                                                                                                                                                                                                             
